<record><leader>00000cas a22000007a 4500</leader><controlfield tag="001">10016636</controlfield><controlfield tag="008">831015d1872188unyuwr ne      0    0eng d</controlfield><datafield ind1=" " ind2=" " tag="010"><subfield code="a">sn 83031887 </subfield></datafield><datafield ind1=" " ind2=" " tag="040"><subfield code="a">NPU</subfield><subfield code="b">eng</subfield><subfield code="c">NPU</subfield><subfield code="d">NPX</subfield><subfield code="d">NYS</subfield><subfield code="d">NYG</subfield><subfield code="d">NYS</subfield><subfield code="d">OCLCQ</subfield></datafield><datafield ind1=" " ind2=" " tag="042"><subfield code="a">msc</subfield></datafield><datafield ind1="0" ind2=" " tag="130"><subfield code="a">Rensselaerville press (Rensselaerville, N.Y. : 1872)</subfield></datafield><datafield ind1="1" ind2="0" tag="245"><subfield code="a">Rensselaerville press.</subfield></datafield><datafield ind1=" " ind2=" " tag="260"><subfield code="a">Rensselaerville, N.Y. :</subfield><subfield code="b">P. Winne,</subfield><subfield code="c">1872-</subfield></datafield><datafield ind1=" " ind2=" " tag="300"><subfield code="a">v. ;</subfield><subfield code="c">56 cm.</subfield></datafield><datafield ind1=" " ind2=" " tag="310"><subfield code="a">Weekly</subfield></datafield><datafield ind1="0" ind2=" " tag="362"><subfield code="a">Vol. 1, no. 1 (Oct. 5, 1872)-</subfield></datafield><datafield ind1=" " ind2=" " tag="500"><subfield code="a">Publishers: P. Winne, 1872-&lt;1878&gt;; M.B. Hedges, &lt;1878-1879); H.M. Greene, &lt;1880&gt;.</subfield></datafield><datafield ind1=" " ind2=" " tag="500"><subfield code="a">Editors: M.B. Hedges, S.E. Green, &lt;1872&gt;; P. Winne, &lt;1876-1878&gt;.</subfield></datafield><datafield ind1=" " ind2="4" tag="651"><subfield code="a">Rensselaerville (N.Y.)</subfield><subfield code="v">Newspapers.</subfield></datafield><datafield ind1=" " ind2=" " tag="752"><subfield code="a">United States</subfield><subfield code="b">New York</subfield><subfield code="c">Albany</subfield><subfield code="d">Rensselaerville.</subfield></datafield><datafield ind1="1" ind2=" " tag="029"><subfield code="a">AU@</subfield><subfield code="b">000020418269</subfield></datafield></record>